% Encoding: x-MacRoman

@InProceedings{Cheng2018,
  author    = {Cheng, Bowen and Wei, Yunchao and Shi, Honghui and Feris, Rogerio and Xiong, Jinjun and Huang, Thomas},
  booktitle = {Proceedings of the European conference on computer vision (ECCV)},
  title     = {Revisiting rcnn: On awakening the classification power of faster rcnn},
  year      = {2018},
  pages     = {453--468},
}

@InProceedings{Deng2020,
  author       = {Deng, Jun and Xuan, Xiaojing and Wang, Weifeng and Li, Zhao and Yao, Hanwen and Wang, Zhiqiang},
  booktitle    = {Journal of Physics: Conference Series},
  title        = {A review of research on object detection based on deep learning},
  year         = {2020},
  number       = {1},
  organization = {IOP Publishing},
  pages        = {012028},
  volume       = {1684},
}

@Comment{jabref-meta: databaseType:bibtex;}
